@incollection{compmkteq,
    author      = "Bruno Codenotti and Kasturi Varadarajan",
    title       = "Computation of Market Equilibria by Convex Programming",
    editor      = "Noam Nisan and Tim Roughgarden and \'Eva Tardos and Vijay V. Vazirani",
    booktitle   = "Algorithmic Game Theory",
    publisher   = "Cambridge University Press",
    address     = "Cambridge",
    year        = 2007,
    %  pages       = "266-290",
    chapter     = 6
}

@article{supplydemandfw,
    author = "Eduardo M. Azevedo and Jacob D. Leshno",
    year = 2016,
    title = "A Supply and Demand Framework for Two-Sided Matching Markets",
    journal = "Journal of Political Economy",
    volume = 124,
    number = 5,
    pages = "1235-–68",
    issue = "Sept."
}

@article{expandingchoice,
    author = "Atila Abdulkadiroğlu and Yeon-Koo Che and Yosuke Yasuda",
    year = 2015,
    title = "Expanding `Choice' in School Choice",
    journal = "American Economic Journal: Microeconomics",
    volume = 7,
    number = 1,
    issue = "Feb.",
    pages = "1--42",
}

@article{whatmatters,
    author = "Itai Ashlagi and Afshin Nikzad",
    year = 2020,
    title = "What Matters in School Choice Tie-Breaking? How Competition Guides Design",
    journal = "Journal of Economic Theory",
    volume = 190,
    pages = {105120},
}

@article{distributionalgoals,
    author = "Aaron L. Bodoh-Creed",
    year = 2020,
    title = "Optimizing for Distributional Goals in School Choice Problems",
    journal = "Management Science",
    volume = 66,
    number = 8, 
    issue = "Sept.",
    pages = "3657--76",
}

@article{dynamicmatching,
    author = "Itai Feigenbaum and Yash Kanoria and Irene Lo and Jay Sethuraman",
    year = 2020,
    title = "Dynamic Matching in School Choice: Efficient Seat Reassignment After Late Cancellations",
    journal = "Management Science",
    volume = 66,
    number = 11,
    issue = "Nov.",
    pages = "5341--61",
}

@article{walrastatonnement,
    journal = {The Review of Economic Studies},
    pages = {182--194},
    volume = {27},
    number = {3},
    year = {1960},
    title = {Walras' Tâtonnement in the Theory of Exchange},
    author = {H. Uzawa},
    issue = {June},
}

@article{economicsofmatching,
    author = "Alvin E. Roth",
    year = 1982,
    title = "The Economics of Matching: Stability and Incentives",
    journal = "Mathematics of Operations Research",
    volume = 7,
    number = 4,
    issue = "Nov.",
    pages = "617--28",
}

@article{efficientalgorithmoptimal,
    author = "Robert W. Irving and Paul Leather and Dan Gusfield",
    year = 1987,
    title = "An Efficient Algorithm for the 'Optimal' Stable Marriage",
    journal = "Journal of the Association for Computing Machinery",
    volume = 34,
    number = 3,
    issue = "July",
    pages = "532--43",
}

@article{stablematchingsandLP,
    author = "Alvin E. Roth and Uriel G. Rothblum and John H. Vande Vate",
    year = 1993,
    title = "Stable Matchings, Optimal Assignments, and Linear Programming",
    journal = "Mathematics of Operations Research",
    volume = 18,
    number = 4,
    issue = "Nov.",
    pages = "803--28",
}

@article{matterwithtiebreaking,
    author = "Aytek Erdil and Haluk Ergin",
    year = 2008,
    title = {What’s the Matter with Tie-Breaking? Improving Efficiency in School Choice},
    journal = "The American Economic Review",
    volume = 98,
    number = 3,
    issue = "June",
    pages = "669--89",
}

@article{ruralhospitalstheorem,
	 author = {Alvin E. Roth},
	 journal = {Econometrica},
	 number = {2},
	 pages = {425--427},
	 title = {On the Allocation of Residents to Rural Hospitals: A General Property of Two-Sided Matching Markets},
	 volume = {54},
	 year = {1986}
}

@article{convexprogrammingvareq,
    author = {O. G. Mancino and G. Stampacchia},
    year = 1972,
    title = {Convex Programming and Variational Inequalities},
    journal = {Journal of Optimization Theory and Applications},
    volume = 9,
    number = 1, 
    issue = {Jan.},
    pages = {3--23}
}


@phdthesis{고석준thesis,
      author  = "Ko, Suk-Joon",
      title   = "Nonatomic Discrete Choice Game Model with Taste Heterogeneity of Agents",
      school  = "Seoul National University",
      address = "Seoul",
      year    = 2018
}

@book{mathematicaloptandecontheory,
    author = {Michael D. Intriligator},
    title = {Mathematical Optimization and Economic Theory},
    year = 1971,
    publisher = {Prentice-Hall},
    address = {Englewood Cliffs, NJ},
}

@book{pricedynamicsineqmodels,
    author = {Jan Tuinstra},
    year = 2012,
    title = {Price Dynamics in Equilibrium Models: The Search for Equilibrium and the Emergence of Endogenous Fluctuations},
    publisher = {Springer},
    address = {New York}
}

@misc{polyhedraexactvolume,
    author = {Benno Büeler and Andreas Enge and Komei Fukuda},
    title = {Exact Volume Computation for Polytopes: A Practical Study},
    year = {1998},
    url = "http://citeseerx.ist.psu.edu/viewdoc/summary?doi=10.1.1.42.7953"
}